
@electronic{fire-stats,
  author        = "Shelby Hall",
  title         = "Fire loss in the United States",
  url           = "https://www.nfpa.org/education-and-research/research/nfpa-research/fire-statistical-reports/fire-loss-in-the-united-states",
  month         = nov,
  year          = "2023",
}

@article{fire-cause,
title = {The Pre-Quaternary history of fire},
journal = {Palaeogeography, Palaeoclimatology, Palaeoecology},
volume = {164},
number = {1},
pages = {281-329},
year = {2000},
note = {Fire and the Palaeoenvironment},
author = {A.C Scott},
}

@book{mlat-tdoa,
  title         = "Multilateration (MLAT) Concept of use",
  edition       = "1.0",
  publisher     = "International Civil Aviation Organization",
  month         = sep,
  year          = "2007"
}

@article{sound-ranging,
  author        = "Harry Bateman",
  title         = "Mathematical Theory of Sound Ranging",
  journal       = "Monthly Weather Review",
  volume        = "46",
  number        = "1",
  year          = "1918",
  pages         = "4-11"
}

@electronic{pio-libraries,
  author        = "PlatformIO",
  title         = "PlatformIO Registry",
  url           = "https://registry.platformio.org/search?f=arduino",
  year          = "2024",
  month         = mar,
}

@electronic{idf-libraries,
  author        = "Espressif",
  title         = "IDF Component Registry",
  url           = "https://components.espressif.com/components",
  year          = "2024",
  month         = mar,
}

@inproceedings{sync-methods,
  author        = "Prachi Wadatkar and Marco Zennaro and Pietro Manzoni",
  title         = "On Time Synchronization of LoRaWAN Based IoT Devices for Enhanced Event Correlation",
  booktitle     = "Proceedings of the 6th EAI International Conference on Smart Objects and Technologies for Social Good",
  publisher     = "Association for Computing Machinery",
  month         = sep,
  year          = "2020",
  pages         = "261â€“264"
}

@misc{rfc1305,
    series =    {Request for Comments},
    number =    1305,
    howpublished =  {RFC 1305},
    publisher = {RFC Editor},
    doi =       {10.17487/RFC1305},
    url =       {https://www.rfc-editor.org/info/rfc1305},
    author =    {},
    title =     {{Network Time Protocol (Version 3) Specification, Implementation and Analysis}},
    pagetotal = 109,
    year =      1992,
    month =     mar,
    abstract =  {This document describes the Network Time Protocol (NTP), specifies its formal structure and summarizes information useful for its implementation. {[}STANDARDS-TRACK{]}},
}

@electronic{chrome-delta-updates,
  author = "Stephen Adams",
  year = "2009",
  month = jul,
  title         = "Smaller is Faster (and Safer Too)",
  url           = "https://blog.chromium.org/2009/07/smaller-is-faster-and-safer-too.html"
}
