
@misc{CVE-2024-3400,
	title={{CVE}-2024-3400},
	howpublished="Available from National Vulnerability Database",
	url={https://nvd.nist.gov/vuln/detail/CVE-2024-3400},
	urldate={2024-04-19},
	month=4,
	year=2024
}

@inproceedings{gofetch,
	title = {GoFetch: Breaking Constant-Time Cryptographic Implementations Using Data Memory-Dependent Prefetchers},
	author = {Boru Chen and Yingchen Wang and Pradyumna Shome and Christopher W. Fletcher and David Kohlbrenner and Riccardo Paccagnella and Daniel Genkin},
	booktitle = {USENIX Security},
	year = {2024},
}

@misc{369872,
	title={Klein v. Meta Platforms, Inc., No. 3:20-cv-08570-JD},
	note={United States District Court, Northern District of California},
	year=2022,
	month=aug,
}

@misc{CVE-2024-1086,
	title={{CVE}-2024-1086},
	howpublished="Available from National Vulnerability Database",
	url={https://nvd.nist.gov/vuln/detail/CVE-2024-1086},
	urldate={2024-04-19},
	month=1,
	year=2024
}

@misc{CVE-2024-31497,
	title={{CVE}-2024-31497},
	howpublished="Available from National Vulnerability Database",
	url={https://nvd.nist.gov/vuln/detail/CVE-2024-31497},
	urldate={2024-04-19},
	month=4,
	year=2024
}

@misc{CVE-2024-3094,
	title={{CVE}-2024-3094.},
	howpublished="Available from National Vulnerability Database",
	url={https://nvd.nist.gov/vuln/detail/CVE-2024-3094},
	urldate={2024-04-19},
	month=3,
	year=2024
}

@misc{freund-email,
	title={backdoor in upstream xz/liblzma leading to ssh server compromise},
	author={Andres Freund},
	url={https://lwn.net/ml/oss-security/20240329155126.kjjfduxw2yrlxgzm@awork3.anarazel.de/},
	urldate={2024-04-19},
	howpublished="oss-security mailing list archive",
	month=3,
	year=2024
}

@misc{LWN-967180,
	title={A backdoor in xz},
	author={Jonathan Corbet},
	url={https://lwn.net/Articles/967180},
	urldate={2024-04-19},
	howpublished="LWM.net",
	month=3,
	year=2024,
}

@misc{collin-email,
	title={Re: [xz-devel] XZ for Java},
	author={Lasse Collin},
	url={https://www.mail-archive.com/xz-devel@tukaani.org/msg00563.html},
	urldate={2024-04-19},
	howpublished="xz-devel mailing list archive",
	month=5,
	year=2022,
}

@misc{commit-cf44e4b,
	title={Commit cf44e4b ``Tests: Add a few test files.''},
	author={Jia Tan},
	url={https://git.tukaani.org/?p=xz.git;a=commitdiff;h=cf44e4b7f5dfdbf8c78aef377c10f71e274f63c0},
	urldate={2024-04-19},
	howpublished="git.tukaani.org",
	month=2,
	year=2024,
}
