@inproceedings{tsiatsikas2022measuring,
	title={Measuring the adoption of TLS encrypted client hello extension and its forebear in the wild},
	author={Tsiatsikas, Zisis and Karopoulos, Georgios and Kambourakis, Georgios},
	booktitle={European Symposium on Research in Computer Security},
	pages={177--190},
	year={2022},
	organization={Springer}
}

@online{CF-ECH,
	title={Encrypted Client Hello - the last puzzle piece to privacy},
	author={Achiel van der Mandele, Alessandro Ghedini, Christopher Wood and Rushil Mehra},
	year=2023,
	month=Sep,
	url={https://web.archive.org/web/20240324023814/https://blog.cloudflare.com/announcing-encrypted-client-hello},
	urldate={2024-03-24},
}

@misc{rfc9518,
	series={Request for Comments},
	number=9518,
	howpublished={RFC 9518},
	publisher={RFC Editor},
	doi={10.17487/RFC9518},
	url={https://www.rfc-editor.org/info/rfc9518},
	author={Mark Nottingham},
	title={{Centralization, Decentralization, and Internet Standards}},
	pagetotal=22,
	year=2023,
	month=dec,
}

https://datatracker.ietf.org/doc/html/rfc8467      Padding Policies for Extension Mechanisms for DNS (EDNS(0))

https://ieeexplore.ieee.org/document/6135854 Issues and future directions in traffic classification

https://dl.acm.org/doi/10.1145/3570726 attacking doh ech

https://www.rfc-editor.org/rfc/rfc8744 esni issues (DoS)
